<record><leader>00000cas a2200000 a 4500</leader><controlfield tag="001">52184668</controlfield><controlfield tag="008">030505d19731981nyumr ne      0    0eng c</controlfield><datafield ind1=" " ind2=" " tag="010"><subfield code="a">sn2003060359</subfield></datafield><datafield ind1=" " ind2=" " tag="040"><subfield code="a">NYS</subfield><subfield code="b">eng</subfield><subfield code="c">NYS</subfield><subfield code="d">OCLCQ</subfield><subfield code="d">OCLCF</subfield><subfield code="d">OCLCO</subfield></datafield><datafield ind1="1" ind2=" " tag="029"><subfield code="a">AU@</subfield><subfield code="b">000024619384</subfield></datafield><datafield ind1=" " ind2=" " tag="042"><subfield code="a">pcc</subfield></datafield><datafield ind1=" " ind2=" " tag="043"><subfield code="a">n-us-ny</subfield></datafield><datafield ind1="0" ind2="0" tag="245"><subfield code="a">Fiorello's flute.</subfield></datafield><datafield ind1=" " ind2=" " tag="260"><subfield code="a">Long Island City, N.Y. :</subfield><subfield code="b">Fiorello LaGuardia Community College,</subfield><subfield code="c">1973-1981.</subfield></datafield><datafield ind1=" " ind2=" " tag="300"><subfield code="a">v. :</subfield><subfield code="b">ill. ;</subfield><subfield code="c">37-42 cm.</subfield></datafield><datafield ind1=" " ind2=" " tag="310"><subfield code="a">Monthly</subfield></datafield><datafield ind1=" " ind2=" " tag="321"><subfield code="a">Biweekly,</subfield><subfield code="b">Oct., 1974- May, 1976</subfield></datafield><datafield ind1="1" ind2=" " tag="362"><subfield code="a">Began in 1973.</subfield></datafield><datafield ind1=" " ind2=" " tag="515"><subfield code="a">Volume numbering begins again in 1976.</subfield></datafield><datafield ind1=" " ind2=" " tag="588"><subfield code="a">Description based on: Vol. 1, no. 5 (Dec., 1973).</subfield></datafield><datafield ind1=" " ind2=" " tag="588"><subfield code="a">Latest issue consulted: (Jan. 26, 1981).</subfield></datafield><datafield ind1="2" ind2="0" tag="610"><subfield code="a">LaGuardia Community College</subfield><subfield code="v">Newspapers.</subfield></datafield><datafield ind1=" " ind2="0" tag="650"><subfield code="a">College student newspapers and periodicals</subfield><subfield code="z">New York (State)</subfield><subfield code="z">Long Island City.</subfield></datafield><datafield ind1=" " ind2="0" tag="651"><subfield code="a">Long Island City (New York, N.Y.)</subfield><subfield code="v">Newspapers.</subfield></datafield><datafield ind1=" " ind2="0" tag="651"><subfield code="a">Queens County (N.Y.)</subfield><subfield code="v">Newspapers.</subfield></datafield><datafield ind1=" " ind2="7" tag="655"><subfield code="a">Newspapers.</subfield><subfield code="2">fast</subfield><subfield code="0">(OCoLC)fst01423814</subfield></datafield><datafield ind1="2" ind2="7" tag="610"><subfield code="a">LaGuardia Community College.</subfield><subfield code="2">fast</subfield><subfield code="0">(OCoLC)fst01439757</subfield></datafield><datafield ind1=" " ind2="7" tag="650"><subfield code="a">College student newspapers and periodicals.</subfield><subfield code="2">fast</subfield><subfield code="0">(OCoLC)fst00867966</subfield></datafield><datafield ind1=" " ind2="7" tag="651"><subfield code="a">New York (State)</subfield><subfield code="z">New York</subfield><subfield code="z">Long Island City.</subfield><subfield code="2">fast</subfield><subfield code="0">(OCoLC)fst01315587</subfield></datafield><datafield ind1=" " ind2="7" tag="651"><subfield code="a">New York (State)</subfield><subfield code="z">Queens County.</subfield><subfield code="2">fast</subfield><subfield code="0">(OCoLC)fst01246810</subfield></datafield><datafield ind1=" " ind2=" " tag="752"><subfield code="a">United States</subfield><subfield code="b">New York</subfield><subfield code="c">Queens</subfield><subfield code="d">Long Island City.</subfield></datafield></record>